@string{POT = "Proceedings of the"}
@string{POTAS = "Proceedings of the {ACM} {SIGPLAN}"}

@string{PLDI = "Conference on Programming Language Design and Implementation"}
@string{SIGPLAN92 = POTAS # " 1992 " # PLDI}
@string{SIGPLAN94 = POTAS # " 1994 " # PLDI}
@string{SIGPLAN95 = POTAS # " 1995 " # PLDI}
@string{SIGPLAN96 = POTAS # " 1996 " # PLDI}
@string{SIGPLAN00 = POTAS # " 2000 " # PLDI}
@string{SIGPLAN02 = POTAS # " 2002 " # PLDI}
@string{SIGPLAN03 = POTAS # " 2003 " # PLDI}
@string{SIGPLAN04 = POTAS # " 2004 " # PLDI}
 
@string{POPL = "Annual Symposium on Principles of Programming Languages"}
@string{POPL94 = POT # " 21st " # POPL}
@string{POPL02 = POT # " 29th " # POPL}
@string{POPL05 = POT # " 32nd " # POPL}
 
@string{ICSE = "International Conference on Software Engineering"}
@string{ICSE04 = POT # " 26th " # ICSE }

@Inproceedings{musuvathi:icb:pldi07,
  author = {Musuvathi, Madanlal and Qadeer, Shaz},
  title = {Iterative context bounding for systematic testing of multithreaded programs},
  booktitle = {PLDI '07},
}
